@book{arora2017introduction,
  title     = {Introduction to Optimum Design},
  author    = {Jasbir S. Arora},
  edition   = {4th},
  year      = {2017},
  publisher = {Academic Press}
}

@book{ganguly2012engineering,
  title     = {Engineering Optimization: A Modern Approach},
  author    = {Ganguli, Ranjan},
  year      = {2012},
  publisher = {Universities Pressâ€¯; CRC Press},
  address   = {Hyderabad, India, Boca Raton}
}